@inproceedings{he2016deep,
  title={Deep residual learning for image recognition},
  author={He, Kaiming and Zhang, Xiangyu and Ren, Shaoqing and Sun, Jian},
  booktitle={Proceedings of the IEEE conference on computer vision and pattern recognition},
  pages={770--778},
  year={2016}
}
@inproceedings{zhang2016single,
  title={Single-image crowd counting via multi-column convolutional neural network},
  author={Zhang, Yingying and Zhou, Desen and Chen, Siqin and Gao, Shenghua and Ma, Yi},
  booktitle={Proceedings of the IEEE conference on computer vision and pattern recognition},
  pages={589--597},
  year={2016}
}
@inproceedings{wang2019learning,
  title={Learning from Synthetic Data for Crowd Counting in the Wild},
  author={Wang, Qi and Gao, Junyu and Lin, Wei and Yuan, Yuan},
  booktitle={Proceedings of IEEE Conference on Computer Vision and Pattern Recognition (CVPR)},
  year={2019}
}
@article{gao2019c,
  title={C$^3$ Framework: An Open-source PyTorch Code for Crowd Counting},
  author={Gao, Junyu and Lin, Wei and Zhao, Bin and Wang, Dong and Gao, Chenyu and Wen, Jun},
  journal={arXiv preprint arXiv:1907.02724},
  year={2019}
}