@article{yao2023poserac,
  title={PoseRAC: Pose Saliency Transformer for Repetitive Action Counting},
  author={Yao, Ziyu and Cheng, Xuxin and Zou, Yuexian},
  journal={arXiv preprint arXiv:2303.08450},
  year={2023}
}